% Website measuing cs
@misc{cs-web,
  title = {Measuring context switching and memory overheads for Linux threads},
   howpublished = {\url{https://eli.thegreenplace.net/2018/measuring-context-switching-and-memory-overheads-for-linux-threads/}},
   note = {Accessed: 2022-2-25}
}

% execution time(CPU wall-clock) charged > actual time in function
@article{serverless-main,
  title={Architectural Implications of Function-as-a-Service Computing},
  author={Mohammad Shahrad and Jonathan Balkind and David Wentzlaff},
  journal={Proceedings of the 52nd Annual IEEE/ACM International Symposium on Microarchitecture},
  year={2019}
}

% effect of transferred data size among pipes
@inproceedings{cs-datasize,
author = {Li, Chuanpeng and Ding, Chen and Shen, Kai},
title = {Quantifying the Cost of Context Switch},
year = {2007},
isbn = {9781595937513},
publisher = {Association for Computing Machinery},
address = {New York, NY, USA},
url = {https://doi.org/10.1145/1281700.1281702},
doi = {10.1145/1281700.1281702},
booktitle = {Proceedings of the 2007 Workshop on Experimental Computer Science},
pages = {2–es},
keywords = {cache interference, context switch},
location = {San Diego, California},
series = {ExpCS '07}
}

% cs in AI workloads on the cloud and edge
@inbook{cs-cloud,
author = {Suo, Kun and Shi, Yong and Hung, Chih-Cheng and Bobbie, Patrick},
title = {Quantifying Context Switch Overhead of Artificial Intelligence Workloads on the Cloud and Edges},
year = {2021},
isbn = {9781450381048},
publisher = {Association for Computing Machinery},
address = {New York, NY, USA},
url = {https://doi.org/10.1145/3412841.3441993},
booktitle = {Proceedings of the 36th Annual ACM Symposium on Applied Computing},
pages = {1182–1189},
numpages = {8}
}

% Section 6.6, pass the token from process to process vs a single process . Also, cs under different cache allocated to the process
@inproceedings{cs-lmbench,
  title={lmbench: Portable Tools for Performance Analysis},
  author={Larry W. McVoy and Carl Staelin},
  booktitle={USENIX Annual Technical Conference},
  year={1996}
}

% include system calls to force cs,
% The benchmark operates by forking a child process and then passing one byte back and forth between parent and child using pipes. 
@inproceedings{cs-pipes,
  title={Why Aren't Operating Systems Getting Faster As Fast as Hardware?},
  author={John K. Ousterhout},
  booktitle={USENIX Summer},
  year={1990}
}

% Linux on ARM platforms. normal+measure the indirect overhead introduced due to processor interrupt servicing.
@inproceedings{cs-arm,
author = {David, Francis M. and Carlyle, Jeffrey C. and Campbell, Roy H.},
title = {Context Switch Overheads for Linux on ARM Platforms},
year = {2007},
isbn = {9781595937513},
publisher = {Association for Computing Machinery},
address = {New York, NY, USA},
url = {https://doi.org/10.1145/1281700.1281703},
doi = {10.1145/1281700.1281703},
booktitle = {Proceedings of the 2007 Workshop on Experimental Computer Science},
pages = {3–es},
keywords = {operating system, context switch overhead},
location = {San Diego, California},
series = {ExpCS '07}
}

% Def for cs
@article{cs-def,
  title={Context switch},
  author={Kalinsky, David},
  journal={Embedded Systems Programming},
  volume={14},
  number={1},
  pages={94--105},
  year={2001}
}

@Book{OS-Book,
  author =       {Remzi H. Arpaci-Dusseau and Andrea C. Arpaci-Dusseau},
  title =        "{Operating Systems: Three Easy Pieces}",
  publisher =    {Arpaci-Dusseau Books},
  month =        "August",
  year =         {2018},
  edition =      {1.00},
}